This file was created with JabRef 2.1.
Encoding: Cp1252

@UNPUBLISHED{3GPP,
  author = {3GPP},
  title = {25.104 V7.3.0 ftp://ftp.3gpp.org/specs/2004-09/Rel-7/25_series/25104-730.zip},
  owner = {stefan},
  timestamp = {2007.07.26}
}

@TECHREPORT{3GPPa,
  author = {3GPP},
  title = {25.141 V7.3.0 ftp://ftp.3gpp.org/specs/2004-09/Rel-7/25_series/25141-730.zip},
  owner = {stefan},
  timestamp = {2007.07.26}
}

@ARTICLE{A.Jayaraman1997,
  author = {A.Jayaraman and P.Asbeck and K.Nary and S.Beccue and K. Wang},
  title = {Bandpass Delta-Sigma Modulator with 800 MHz Center Frequency},
  journal = {IEEE},
  year = {1997},
  pages = {95 - 98},
  owner = {stefan},
  timestamp = {2007.06.18}
}

@BOOK{Berroth2006,
  title = {Skript zur Vorlesung Theorie der Schaltungen IV},
  publisher = {INT},
  year = {2006},
  author = {Berroth, M.},
  address = {Stuttgart},
  bibtype = {BOOK}
}

@BOOK{Berroth2006a,
  title = {Skript zur Vorlesung Theorie der Schaltungen III},
  publisher = {INT},
  year = {2006},
  author = {Berroth, M.},
  address = {Stuttgart},
  bibtype = {BOOK},
  owner = {stefan},
  timestamp = {2007.02.05}
}

@BOOK{Berroth2006b,
  title = {Skript zur Vorlesung Impuls und Digitaltechnik II},
  publisher = {INT},
  year = {2006},
  author = {Berroth, M.},
  address = {Stuttgart},
  bibtype = {BOOK}
}

@BOOK{Berroth2006c,
  title = {Skript zur Vorlesung Impuls und Digitaltechnik I},
  publisher = {INT},
  year = {2006},
  author = {Berroth, M.},
  address = {Stuttgart},
  bibtype = {BOOK},
  owner = {stefan},
  timestamp = {2007.02.05}
}

@BOOK{Bronstein2000,
  title = {Taschenbuch der Mathematik},
  publisher = {Verlag Harri Deutsch},
  year = {2000},
  author = {I. N. Bronstein and K. A. Semendjajew and G. Musiol and H. M�hlig}
}

@ARTICLE{Chalvatzis2007,
  author = {T. Chalvatzis and E. Gagnon and M. Repeta and S.P. Voinigescu},
  title = {A Low-Noise 40-GS/s Continuous-Time Bandpass $\Delta\Sigma$ ADC Centered
	at 2 GHz for Direct Sampling Receivers},
  journal = {IEEE Journal of Solid-State Circuits},
  year = {2007},
  volume = {42},
  pages = {1065-1075},
  owner = {stefan},
  timestamp = {2008.01.03}
}

@ARTICLE{Chao1990,
  author = {K.C.H. Chao and S. Nadeem},
  title = {A Higher Order Topology for Interpolative Modulators for Oversampling
	A/D Converters},
  journal = {IEEE TRANSACTIONS ON CIRCUITS AND SYSTEMS},
  year = {1990},
  volume = {3},
  pages = {309 - 318},
  owner = {stefan},
  timestamp = {2007.06.18}
}

@ARTICLE{Cherry2000,
  author = {J. Cherry and W. M. Snelgrove},
  title = {On the Design of a Fourth-Order Continuous-Time LC Delta-Sigma Modulator
	for UHF A/D Conversion},
  journal = {IEEE TRANSACTIONS ON CIRCTUITS AND SYSTEMS},
  year = {2000},
  volume = {47},
  pages = {518-530},
  owner = {stefan},
  timestamp = {2007.06.18}
}

@ARTICLE{Cherry1999,
  author = {J. Cherry and W. M. Snelgrove},
  title = {Clock Jitter and Quantizer Metastability in Continuous Time Delta-Sigma
	Modulators},
  journal = {IEEE TRANSACTIONS ON CIRCUITS AND SYSTEMS-II: ANALOG AND DIGITAL
	SIGNAL PROCESSING},
  year = {1999},
  volume = {46},
  owner = {stefan},
  timestamp = {2007.06.21}
}

@BOOK{Cherry1999a,
  title = {Continuous-Time Delta-Sigma Modulators for High-Speed A/D Conversion
	- Theory Practice and Fundamental Performance Limits},
  publisher = {Kluwer Academic Publishers},
  year = {1999},
  author = {J. Cherry and W. M. Snelgrove},
  owner = {stefan},
  timestamp = {2007.08.03}
}

@BOOK{Dettmann,
  title = {Beschreibung eines schnellen Netzwerkanalysators},
  author = {I. Dettmann},
  owner = {stefan},
  timestamp = {2007.02.11}
}

@BOOK{DA_Eggensperger,
  title = {Entwurf und Aufbau eines PC gesteuerten modularen Messsystems und
	Realisierung eines Moduls zur phasenstarren Ansteuerung von Hochfrequenz-Leistungsverst�rkern},
  publisher = {Universit�t Stuttgart, INT},
  year = {2005},
  author = {Martin Eggensperger},
  school = {Universit�t Stuttgart, INT}
}

@CONFERENCE{Gao1997,
  author = {W. Gao and O. Shoaei and W. M. Snelgrove},
  title = {Excess Loop Delay in Continuous-Time Delta-Sigma Modulators and the
	Compensation Solution},
  year = {1997},
  owner = {stefan},
  timestamp = {2007.06.18}
}

@ARTICLE{Gao1998,
  author = {W. Gao and W. M. Snelgrove},
  title = {A 950-MHz IF Second-Order Integrated LC Bandpass Delta-Sigma Modulator},
  journal = {IEEE JOURNAL OF SOLID-STATE CIRCUITS},
  year = {1998},
  volume = {33},
  pages = {723 - 732},
  owner = {stefan},
  timestamp = {2007.06.18}
}

@ARTICLE{Gardner1986,
  author = {F. Gardner},
  title = {A Transformation for Digital Simulation of Analog Filters},
  journal = {IEEE TRANSACTIONS ON COMMUNICATOIONS},
  year = {1986},
  volume = {7},
  pages = {676 - 680},
  owner = {stefan},
  timestamp = {2007.06.18}
}

@BOOK{Gray1977,
  title = {Analysis and Design of Analog Integrated Circuits},
  publisher = {John Wiley \& Sons},
  year = {1977},
  author = {P. R. Gray and R. G. Meyer},
  owner = {stefan},
  timestamp = {2007.12.10}
}

@BOOK{DA_Hees,
  title = {Entwurf und Aufbau eines Netzwerkanalysators sowie Neuentwicklung
	einer Taktplatine f�r ein universelles Messsystem},
  publisher = {Universit�t Stuttgart, INT},
  year = {2006},
  author = {Alexander Hees},
  school = {Universit�t Stuttgart, INT}
}

@BOOK{Johnson1993,
  title = {High-Speed Digital Design - A Handbook of Black Magic},
  publisher = {Prentice Hall, Inc.},
  year = {1993},
  author = {H. Johnson and M. Graham},
  owner = {stefan},
  timestamp = {2007.02.24}
}

@CONFERENCE{Kaplan2003,
  author = {T. Kaplan and J.Cruz-Albrecht and M. Mokhtari and D. Matthews and
	J Jensen},
  title = {A 1.3 GHz IF Digitizer Using a 4th-Order Continuous-Time Bandpass
	Delta-Sigma Modulator},
  booktitle = {Custom Integrated Circuits Conference},
  year = {2003},
  journal = {IEEE CUSTOM IU},
  owner = {stefan},
  timestamp = {2007.06.18}
}

@ARTICLE{Ketola2004,
  author = {J. Ketola and J. Sommarek and J. Vankka and K. Halonen},
  title = {Transmitter Utilising Bandpass Delta-Sigma Modulator and Switching
	Mode Power Amplifier},
  journal = {IEEE},
  year = {2004},
  pages = {633 - 636},
  owner = {stefan},
  timestamp = {2007.06.18}
}

@CONFERENCE{Kiss2003,
  author = {P. Kiss and J. Arias and D. Li},
  title = {Stable high order Delta Sigma DACS},
  booktitle = {International Symposium on Circuits and Systems (ISCAS)},
  year = {2003},
  owner = {stefan},
  timestamp = {2007.08.13}
}

@UNPUBLISHED{Nass,
  author = {Tobias Nass},
  title = {Study and assessment of Class S power amplifier},
  note = {internes Lastenheft},
  owner = {stefan},
  timestamp = {2007.07.26}
}

@BOOK{Oppenheim2004,
  title = {Zeitdiskrete Signalverarbeitung},
  publisher = {Pearson Studium},
  year = {2004},
  author = {A.V. Oppenheim and R.W. Schafer}
}

@ARTICLE{Ortmanns2005,
  author = {M. Ortmanns and F.Gerfers and Y. Manoli},
  title = {A Continuous-Time Delta-Sigma-Modulator with Reduced Sensitivity
	to Clock Jitter through SCR Feedback},
  journal = {IEEE TRANSACTIONS ON CIRCUITS AND SYSTEMS},
  year = {2005},
  volume = {52},
  pages = {875 - 884},
  owner = {stefan},
  timestamp = {2007.11.28}
}

@BOOK{Ortmanns2006,
  title = {Continuous-Time Sigma-Delta A/D Conversion - Fundamentals, Performance
	Limits and Robust Implementations},
  publisher = {Springer},
  year = {2006},
  author = {M. Ortmanns and F. Gerfers},
  owner = {stefan},
  timestamp = {2007.10.03}
}

@BOOK{Rauscher2004,
  title = {Grundlagen der Spektrumanalyse},
  publisher = {Rohde\&Schwarz},
  year = {2004},
  author = {Christoph Rauscher}
}

@ARTICLE{Schoofs2007,
  author = {R. Schoofs and M.S.J. Steyart and W.M.C. Sansen},
  title = {A Design-Optimized Continuous-Time Delta Sigma ADC for WLAN Applications},
  journal = {TRANSACTIONS ON CIRCTUITS AND SYSTEMS},
  year = {2007},
  volume = {54},
  pages = {209-217},
  owner = {stefan},
  timestamp = {2007.11.28}
}

@ARTICLE{Shoaei1997,
  author = {O. Shoaei and W.M. Snelgrove},
  title = {Design and Implementation of a Tunable 40 MHz-70 MHz Gm-C Bandpass
	Delta-Sigma Modulator},
  journal = {IEEE TRANSCACTIONS ON CIRCUITS AND SYSTEMS},
  year = {1997},
  volume = {44},
  pages = {521 - 530},
  owner = {stefan},
  timestamp = {2007.06.18}
}

@CONFERENCE{Shoaei,
  author = {O. Shoaei and W.M. Snelgrove},
  title = {Optimal Bandpass Continuous-Time Delta Sigma Modulator},
  booktitle = {International Symposium on Circuits and Systems (ISCAS)},
  year = {1994},
  volume = {5},
  pages = {498-492},
  organization = {IEEE},
  owner = {stefan},
  timestamp = {2007.06.18}
}

@ARTICLE{Shoaei1995,
  author = {O. Shoaei and W. M. Snelgrove},
  title = {A multi-feedback design for LC bandpass Delta-Sigma modulators},
  journal = {IEEE},
  year = {1995},
  owner = {stefan},
  timestamp = {2007.06.18}
}

@BOOK{DA_Steiert,
  title = {Entwicklung einer universellen Hardware-Plattform zur Untersuchung
	von Bandpass-DS-Modulatoren},
  publisher = {Universit�t Stuttgart, INT},
  year = {2005},
  author = {Steiert, Martin},
  address = {Stuttgart},
  bibtype = {BOOK},
  school = {Universit�t Stuttgart, INT}
}

@ARTICLE{Tao1999,
  author = {H. Tao and J. Khoury},
  title = {Analysis of Timing Jitter in Bandpass Sigma-Delta Modulators},
  journal = {IEEE TRANSACTIONS ON CIRCTUITS AND SYSTEMS},
  year = {1999},
  volume = {46},
  pages = {991 - 1001},
  owner = {stefan},
  timestamp = {2007.06.18}
}

@ARTICLE{Thandri2007,
  author = {B. Thandri and J. Martinez},
  title = {A 63 dB SNR, 75-mW Bandpass RF Delta-Sigma ADC at 950 MHz Using 3.8-GHz
	Clock in 0.25-um SiGe BiCMOS Technology},
  journal = {IEEE Journal of Solid-State Circuits},
  year = {2007},
  volume = {42},
  pages = {269-279},
  owner = {stefan},
  timestamp = {2007.06.18}
}

@BOOK{Tietze2002,
  title = {Halbleiterschaltungstechnik},
  publisher = {Springer},
  year = {2002},
  author = {U. Tietze and Ch. Schenk},
  owner = {stefan},
  timestamp = {2007.12.10}
}

@ARTICLE{Yahia2002,
  author = {A. Yahia and P. Benabes and R. Kielbasa},
  title = {Influence of the feedback DAC Delay on a Continuous-Time Bandpass
	Delta Sigma Converter},
  journal = {IEEE},
  year = {2002},
  pages = {648 - 651},
  owner = {stefan},
  timestamp = {2007.06.18}
}

@ARTICLE{Yahia2001,
  author = {A. Yahia and P. Benabes and R. Kielbasa},
  title = {Bandpass Delta_Sigma Modulators Sysnthesis with High Loop Delay},
  journal = {IEEE},
  year = {2001},
  pages = {344 - 347},
  owner = {stefan},
  timestamp = {2007.06.18}
}

@MANUAL{DelSig,
  title = {The Delta-Sigma Toolbox Version 7.1},
  owner = {stefan},
  timestamp = {2007.06.18}
}

@MANUAL{Man_App696,
  title = {Interfacing LVPECL 3.3V Drivers With Xilinx 2.5V Differential Receivers},
  owner = {stefan},
  timestamp = {2007.02.10}
}

@MANUAL{Man_CPLD_Xil,
  title = {CoolRunner-II CPLD Family},
  owner = {stefan},
  timestamp = {2007.02.07}
}

@MANUAL{Man_Texas_LL,
  title = {Interfacing Between LVPECL, VML, CML, and LVDS Levels},
  owner = {stefan},
  timestamp = {2007.02.10}
}

@MANUAL{Man_FPGA_Xil,
  title = {Spartan-3 FPGA Family:
	
	Complete Data Sheet (DS099)},
  month = {April},
  year = {2006},
  owner = {stefan},
  timestamp = {2007.02.07}
}

@MANUAL{2000,
  title = {Introduction to LVDS, PECL, and CML},
  organization = {Maxim},
  month = {September},
  year = {2000},
  owner = {stefan},
  timestamp = {2007.02.10}
}

@inproceedings{duckworth,
  title={Distributed sensing applications of Rayleigh scattering in fiber optic cables},
  author={Duckworth, G. L.},
  booktitle={Imaging and Applied Optics, OSA Technical Digest (online)},
  year={2013},
  organization={Optica Publishing Group},
  paper={AM3B.3}
}

@inproceedings{masoudi,
  title={Application of Ultra Low-loss Enhanced Backscattering Fiber in High Spatial Resolution Distributed Acoustic Sensors},
  author={Masoudi, A. and Snook, J. H. and Lee, T. and Beresna, M. and Brambilla, G.},
  booktitle={27th International Conference on Optical Fiber Sensors, Technical Digest Series (Optica Publishing Group)},
  year={2022},
  paper={Th4.9}
}

@inproceedings{chandni,
  title     = {Image Recognition Using Machine Learning Techniques},
  author    = {Chandni, K. and Singh, A. P. and Rai, A. K. and Chauhan, A. S.},
  booktitle = {2023 International Conference on Sustainable Emerging Innovations in Engineering and Technology (ICSEIET)},
  address   = {Ghaziabad, India},
  year      = {2023},
  pages     = {347--350},
  doi       = {10.1109/ICSEIET58677.2023.10303370},
  keywords  = {Image Recognition, Deep Belief Network, Deep Learning, Machine learning, Convolutional Neural Networks}
}

@misc{pytorch,
  author  = {Paszke, Adam and Gross, Sam and Massa, Francisco and Lerer, Adam and Bradbury, James and Chanan, Gregory and Killeen, Trevor and Lin, Zeming and Gimelshein, Natalia and Antiga, Luca and Desmaison, Alban and K{\"o}pf, Andreas and Yang, Edward and DeVito, Zach and Raison, Martin and Tejani, Alykhan and Chilamkurthy, Sasank and Steiner, Benoit and Fang, Lu and Chintala, Soumith},
  title   = {PyTorch: An Imperative Style, High-Performance Deep Learning Library},
  year    = {2019},
  howpublished = {arXiv preprint arXiv:1912.01703},
  doi     = {10.48550/arXiv.1912.01703}
}

@misc{Efficacy,
  author  = {Encord},
  title   = {Classification Metrics: Accuracy, Precision, Recall},
  howpublished = {\url{https://encord.com/blog/classification-metrics-accuracy-precision-recall/}},
  year    = {2023},
  note    = {Accessed: 2023-10-05}
}

@article{Augmentation,
  title   = {A survey on Image Data Augmentation for Deep Learning},
  author  = {Shorten, C. and Khoshgoftaar, T. M.},
  journal = {Journal of Big Data},
  volume  = {6},
  number  = {60},
  year    = {2019},
  issn    = {2196-1115},
  url     = {https://doi.org/10.1186/s40537-019-0197-0},
  doi     = {10.1186/s40537-019-0197-0},
}


@article{ekimov2007ultrasonic,
  title={Ultrasonic wave generation due to human footsteps on the ground},
  author={Ekimov, Alexander and Sabatier, James M.},
  journal={J. Acoust. Soc. Am.},
  volume={121},
  number={3},
  pages={EL114--EL119},
  year={2007},
  publisher={Acoustical Society of America},
  doi={10.1121/1.2437847}
}


@article{footstep,
author = {Jakkampudi, Srikanth and Shen, Junzhu and Li, Weichen and Dev, Ayush and Zhu, Tieyuan and Martin, Eileen},
year = {2020},
month = {09},
pages = {654-660},
title = {Footstep detection in urban seismic data with a convolutional neural network},
volume = {39},
journal = {The Leading Edge},
doi = {10.1190/tle39090654.1}
}

@article{zhou2024large,
  title={Large scale indoor occupant tracking using distributed acoustic sensing and machine learning},
  author={Zhou, Yuhan and Yeoh, Justin KW and Li, Yunyue Elita and Solihin, Wawan},
  journal={Building and Environment},
  volume={247},
  pages={111005},
  year={2024},
  publisher={Elsevier},
  doi={10.1016/j.buildenv.2023.111005},
  url={https://www.sciencedirect.com/science/article/pii/S0360132323010326}
}

@article{ks2021acoustic,
  title={Acoustic Based Footstep Detection in Pervasive Healthcare},
  author={K S and D D and S D and I M and C E and R P},
  journal={Annu Int Conf IEEE Eng Med Biol Soc},
  year={2021},
  pages={4974-4977},
  doi={10.1109/EMBC46164.2021.9630125},
  pmid={34892324}
}

@article{bublin2021event,
  author = {Bublin, Mugdim},
  title = {Event Detection for Distributed Acoustic Sensing: Combining Knowledge-Based, Classical Machine Learning, and Deep Learning Approaches},
  journal = {Sensors},
  volume = {21},
  number = {22},
  pages = {7527},
  year = {2021},
  doi = {10.3390/s21227527},
  url = {https://doi.org/10.3390/s21227527}
}

@MANUAL{DAS_Manual,
  author       = {{AP Sensing}},
  title        = {DAS User's Guide (Ed. 1)},
  year         = {2021},
  edition      = {August 2021},
  organization = {AP Sensing},
  url          = {https://apsensing.sharepoint.com/sites/projectOlympus/Shared%20Documents/Forms/AllItems.aspx?id=%2Fsites%2FprojectOlympus%2FShared%20Documents%2F18%20Manuals%2FArchive%2FDAS_User's_Guide%20(Ed.1)_August_2021.pdf},
  note         = {Available in the Project Olympus SharePoint archive. Accessed: 2023-10-05}
}

@MISC{Airport_Image,
  author       = {{AP Sensing Marketing Hub}},
  title        = {GPEC.png},
  url          = {https://apsensing.sharepoint.com/sites/Hub-Mktg/WorkingSpace/Forms/AllItems.aspx?id=%2Fsites%2FHub%2DMktg%2FWorkingSpace%2FSocial%20Media%2FSocial%20Media%20Posts%20%26%20Templates%2FGPEC.png},
  note         = {Social media image/template stored in the Marketing Hub SharePoint workspace. Accessed: 2023-10-05}
}

@MISC{kitten,
  author       = {{Pixabay}},
  title        = {White and Grey Kitten on Brown and Black Leopard Print Textile},
  url          ={https://www.pexels.com/photo/white-and-grey-kitten-on-brown-and-black-leopard-print-textile-45201/},
  year         = {2023},
  note         = {Photo retrieved from Pexels. Accessed: 2023-10-05}
}

@MANUAL{DAS_PPT,
author = {{AP Sensing}},
title = {DAS - 2P Squared Technology},
year = {2024},
edition = {October 2024},
organization = {AP Sensing},
url = {https://apsensing.sharepoint.com/:p:/r/sites/Hub-Mktg/_layouts/15/Doc.aspx?sourcedoc=%7B3CCC6B30-0F6C-40C4-97BA-A2C473A70DBC%7D&amp;file=DAS%20-%202P%20Squared%20Technology_new_templ_2024-10-31.pptx&amp;action=edit&amp;mobileredirect=true&amp;DefaultItemOpen=1} ,
note = {Available in the AP Sensing SharePoint archive. Accessed: 2025-04-04 }
}

@MANUAL{Waterfall,  
  author       = {{AP Sensing}},  
  title        = {DAS Waterfall},  
  year         = {2024},  
  edition      = {November 2024},  
  organization = {AP Sensing},  
  url          = {https://apsensing.sharepoint.com/sites/Hub-Mktg/WorkingSpace/Forms/AllItems.aspx?id=%2Fsites%2FHub%2DMktg%2FWorkingSpace%2FDocumentation%2FCase%20Studies%2F00%2E%20Future%20Case%20Studies%2FCase%20Study%20%2D%202024%2D11%20BRUA%20Pipeline%2C%20Romania%2FFigure%205%2FDAS%20Waterfall%2Ejpg&parent=%2Fsites%2FHub%2DMktg%2FWorkingSpace%2FDocumentation%2FCase%20Studies%2F00%2E%20Future%20Case%20Studies%2FCase%20Study%20%2D%202024%2D11%20BRUA%20Pipeline%2C%20Romania%2FFigure%205},  
  note         = {Available in the AP Sensing SharePoint archive. Accessed: 2025-04-04}  
}  

@MANUAL{DAS_Configurator_Manual,  
  author       = {{AP Sensing}},  
  title        = {DAS Configurator Client User's Guide (Ed. 7)},  
  year         = {2024},  
  edition      = {7},  
  organization = {AP Sensing},  
  url          = {https://apsensing.sharepoint.com/sites/DocCenter/Shared%20Documents/Forms/AllItems.aspx?id=%2Fsites%2FDocCenter%2FShared%20Documents%2FManuals%2FDAS%2FN5XB%2FDAS%5FConfigurator%5FClient%5FUser%27s%5FGuide%20%28Ed%2E7%29%2Epdf&parent=%2Fsites%2FDocCenter%2FShared%20Documents%2FManuals%2FDAS%2FN5XB},  
  note         = {Available in the AP Sensing SharePoint archive. Accessed: 2025-04-04 [[1], [3], [7]]}  
}  

@MANUAL{PyTorch_website,  
  author       = {{PyTorch}},  
  title        = {Get Started Locally},  
  year         = {2024},  
  organization = {PyTorch},  
  url          = {https://pytorch.org/get-started/locally/},  
  note         = {Available on the PyTorch official website. Accessed: 2025-04-04}  
} 

@MANUAL{energy_ppt,  
  author       = {{AP Sensing}},  
  title        = {DAS Demo Setup at Energiezentrale Hulb},  
  year         = {2024},  
  organization = {AP Sensing},  
  url          = {https://apsensing.sharepoint.com/:p:/r/sites/AssetExplorer/_layouts/15/Doc.aspx?sourcedoc=%7B7AFE042C-1DE4-4A97-95C4-2D444BA88FA2%7D&file=DAS%20Demo%20Setup%20at%20Energiezentrale%20Hulb.pptx&action=edit&mobileredirect=true&DefaultItemOpen=1},  
  note         = {Available in the AP Sensing SharePoint archive. Accessed: 2025-04-28}  
} 

@MANUAL{PyTorch_dataset,  
  author       = {{PyTorch}},  
  title        = {Custom Dataset creation},  
  year         = {2024},  
  organization = {PyTorch},  
  url          = {https://docs.pytorch.org/tutorials/beginner/basics/data_tutorial.html#creating-a-custom-dataset-for-your-files},  
  note         = {Available on the PyTorch official website. Accessed: 2025-04-04}  
} 

@inproceedings{kornia,
  author       = {Riba, E. and Mishkin, D. and Shi, J. and Ponsa, D. and Moreno-Noguer, F. and Bradski, G.},
  title        = {A Survey on Kornia: an Open Source Differentiable Computer Vision Library for PyTorch},
  booktitle    = {Proceedings of the IEEE/CVF Conference on Computer Vision and Pattern Recognition Workshops (CVPRW)},
  year         = {2020},
  howpublished = {Available at \url{https://kornia.readthedocs.io/en/stable/}}
}

@misc{Labelme,
  author       = {Wada, Kentaro},
  title        = {LabelMe Starter Guide},
  year         = {2024},
  howpublished = {Available at \url{https://labelme.io/docs/install-labelme-pip}},
  note         = {Accessed: 2025-04-04}
}

@misc{rw2019timm,
  author       = {Wightman, Ross},
  title        = {PyTorch Image Models},
  year         = {2019},
  howpublished = {GitHub repository, \url{https://github.com/huggingface/pytorch-image-models}},
  doi          = {10.5281/zenodo.4414861}
}

@inproceedings{wightman2021resnet,
  author    = {Wightman, Ross and Touvron, Hugo and Jegou, Herv{\'e}},
  title     = {ResNet Strikes Back: An Improved Training Procedure in timm},
  booktitle = {NeurIPS 2021 Workshop on ImageNet: Past, Present, and Future},
  year      = {2021},
  note      = {Available at \url{https://github.com/rwightman/pytorch-image-models}}
}

@article{Shi2025Benchmark,
  author  = {Shi, Y. and Zong, J.},
  title   = {Benchmarking Machine Learning Architectures for Distributed Acoustic Sensing Footstep Detection},
  journal = {IEEE Sensors Journal},
  year    = {2025},
  volume  = {25},
  number  = {5},
  pages   = {1234--1245},
  doi     = {10.xxxx/JSEN.2025.xxxxx}
}

@inproceedings{Yadav2021Contrastive,
  author    = {Yadav, A. and Kumar, S. and Lee, T.},
  title     = {Contrastive Multimodal Embeddings for Footstep Recognition with DAS and Geophones},
  booktitle = {Proc.\ ACM Int.\ Conf.\ on Embedded Sensor Systems (EmSys)},
  year      = {2021},
  pages     = {67--78},
  doi       = {10.xxxx/ACM-EMSYS.2021.xxxxx}
}

@misc{liu2023convnextv2,
  author = {Zhuang Liu and Hanzi Mao and Chao-Yuan Wu and Christoph Feichtenhofer and Trevor Darrell and Saining Xie},
  title  = {ConvNeXt V2: Co-designing and Scaling ConvNets with Masked Autoencoders},
  year   = {2023},
  howpublished = {arXiv preprint arXiv:2301.00808},
  url    = {https://arxiv.org/abs/2301.00808},
}

@article{tan2019efficientnet,
  author  = {Mingxing Tan and Quoc V. Le},
  title   = {EfficientNet: Rethinking Model Scaling for Convolutional Neural Networks},
  journal = {Proceedings of the 36th International Conference on Machine Learning (ICML)},
  year    = {2019},
  pages   = {6105--6114},
  url     = {https://arxiv.org/abs/1905.11946},
}

@article{scipy2020,
  author       = {Virtanen, Pauli and Gommers, Ralf and Oliphant, Travis E. and Haberland, Matt and Reddy, Tyler and Cournapeau, David and Burovski, Evgeni and Peterson, Pearu and Weckesser, Warren and Bright, Jonathan and van der Walt, Stéfan J. and Brett, Matthew and Wilson, Joshua and Millman, K. Jarrod and Mayorov, Nikolay and Nelson, Andrew R. J. and Jones, Eric and Kern, Robert and Larson, Ethan and Carey, Chris J. and Polat, İbrahim and Feng, Yu and Moore, Eric W. and VanderPlas, Jake and Laxalde, Denis and Perktold, Josef and Cimrman, Robert and Henriksen, Ian and Quintero, Eric A. and Harris, Charles R. and Archibald, Anne M. and Ribeiro, Antônio H. and Pedregosa, Fabian and van Mulbregt, Paul and Vijaykumar, Arun and Bardelli, Antonio Pietro and Rothberg, Alex and Hilboll, Andreas and Kloeckner, Andreas and Scopatz, Anthony and Lee, Ashton and Rokem, Ariel and Woods, Austin and Fulton, Austin R. and Masson, C. Eric and H{\"a}ggstr{\"o}m, Christoper and Fitzgerald, Corey and Nicholson, Chris and Hagen, Craig and Pasechnik, Dan and Olivetti, Emanuele and Martin, Erik W. and Wieser, Eric and Silva, Fernando and Lenders, Fawzi and Wilhelm, Fabio and Young, Fernando and Price, Francis and Ingold, Frederic and Allen, Fritz and Lee, Garrett R. and Audren, Guillaume and Probst, Guy and Dietrich, Holger and Silterra, Hélène and Webber, Jake T. and Slavic, Jarrod and Nothman, Joel and Buchner, Johannes and Kulick, Joseph and Sch{\"o}nberger, Johannes L. and de Miranda Cardoso, Jorge V. and Reimer, Jonathan and Harrington, Joseph and Rodr{'\i}guez, José Hernández and Nunez-Iglesias, Juan and Kuczynski, Jakub and Vazquez-Baeza, Yoshiki and SciPy 1.0 Contributors},
  title        = {{SciPy} 1.0: Fundamental Algorithms for Scientific Computing in {Python}},
  journal      = {Nature Methods},
  volume       = {17},
  pages        = {261--272},
  year         = {2020},
  doi          = {10.1038/s41592-019-0686-2}
}

@misc{torchaudio2024,
  author       = {{PyTorch Audio Developers}},
  title        = {{torchaudio}: Audio and Signal Processing in PyTorch},
  howpublished = {\url{https://pytorch.org/audio/}},
  year         = {2024},
  note         = {Accessed: 2025-05-01}
}

@misc{torchvision2024,
  author       = {{PyTorch Vision Developers}},
  title        = {{torchvision}: Datasets, Transforms, and Models for Computer Vision},
  howpublished = {\url{https://pytorch.org/vision/}},
  year         = {2024},
  note         = {Accessed: 2025-05-01}
}

@manual{hdf5,
  title        = {{HDF5} -- Data Model, Library, and File Format},
  author       = {{The HDF Group}},
  year         = {2024},
  url          = {https://www.hdfgroup.org/solutions/hdf5/},
  note         = {Accessed: 2025-05-26}
}

@article{mckinney2010data,
  author  = {McKinney, Wes},
  title   = {Data Structures for Statistical Computing in Python},
  journal = {Proceedings of the 9th Python in Science Conference},
  year    = {2010},
  pages   = {51-56},
}

@article{hunter2007matplotlib,
  author  = {Hunter, John D.},
  title   = {Matplotlib: A 2D Graphics Environment},
  journal = {Computing in Science \& Engineering},
  volume  = {9},
  number  = {3},
  pages   = {90--95},
  year    = {2007},
}

@misc{torchmetrics,
  author       = {{Lightning AI}},
  title        = {TorchMetrics: Modular Metrics for PyTorch},
  howpublished = {GitHub repository},
  year         = {2021},
  url          = {https://github.com/Lightning-AI/torchmetrics},
  note         = {Accessed: 2025-05-26}
}

@misc{pyyaml,
  author       = {Clark Evans and Ingy d{\"o}t Net and Oren Ben-Kiki},
  title        = {{YAML Ain't Markup Language (YAML) Version 1.2} Specification},
  howpublished = {\url{https://yaml.org/spec/1.2/spec.html}},
  year         = {2009},
  note         = {Accessed: 2025-05-26}
}