@book{berroth:TDS3,
	AUTHOR = "Berroth, Manfred",
	TITLE = "Skript zur Vorlesung Theorie der Schaltungen III",
	PUBLISHER = "Institut f�r Elektrische und Optische Nachrichtentechnik, Universit�t Stuttgart",
	YEAR = 2004}

@book{berroth:TDS4,
	AUTHOR = "Berroth, Manfred",
	TITLE = "Skript zur Vorlesung Theorie der Schaltungen IV",
	PUBLISHER = "Institut f�r Elektrische und Optische Nachrichtentechnik, Universit�t Stuttgart",
	YEAR = 2005}

@book{berroth:IDT2,
	AUTHOR = "Berroth, Manfred",
	TITLE = "Skript zur Vorlesung Impuls- und Digitaltechnik II",
	PUBLISHER = "Institut f�r Elektrische und Optische Nachrichtentechnik, Universit�t Stuttgart",
	YEAR = 2006}

@book{yang:ST1,
	AUTHOR = "Yang, Bin",
	TITLE = "Skript zur Vorlesung Systemtheorie I",
	PUBLISHER = "Lehrstuhl f�r Systemtheorie und Signalverarbeitung, Universit�t Stuttgart",
	YEAR = 2005}

@book{yang:EDF,
	AUTHOR = "Yang, Bin",
	TITLE = "Skript zur Vorlesung Digital Filter Design",
	PUBLISHER = "Lehrstuhl f�r Systemtheorie und Signalverarbeitung, Universit�t Stuttgart",
	YEAR = 2006}


@book{rauscher:Spektrumanalyse,
	AUTHOR = "Rauscher, Christoph",
	TITLE = "Grundlagen der Spektrumanalyse",
	PUBLISHER = "Rohde \& Schwarz GmbH \& Co. KG",
	YEAR = 2004,
	EDITION = "2."}

@book{maxim:LVDS-PECL-CML,
	AUTHOR = "Maxim",
	TITLE = "Introduction to LVDS, PECL, and CML",
	PUBLISHER = "www.maxim-ic.com",
	YEAR = 2000}

@book{maxim:MAX3967,
	AUTHOR = "Maxim",
	TITLE = "Datenblatt MAX3967",
	PUBLISHER = "www.maxim-ic.com",
	YEAR = 2004}

@book{ti:SN65LVCP23,
	AUTHOR = "\mbox{Texas Instruments}",
	TITLE = "Datenblatt SN65LVCP23",
	PUBLISHER = "www.ti.com",
	YEAR = 2006}

@book{bb:TIA,
	AUTHOR = "Burr-Brown",
	TITLE = "Photodiode Monitoring with OP AMPS",
	PUBLISHER = "www.ti.com",
	YEAR = 2000}

@book{landstorfer:NT2,
	AUTHOR = "Landstorfer, Friedrich",
	TITLE = "Skript zur Vorlesung Einf�hrung in die Nachrichtentechnik II",
	PUBLISHER = "Institut f�r Hochfrequenztechnik, Universit�t Stuttgart",
	YEAR = 2005}

@book{ti:TIA-compensation,
	AUTHOR = "\mbox{Texas Instruments}",
	TITLE = "Compensate Transimpedance Amplifiers Intuitively",
	PUBLISHER = "www.ti.com",
	YEAR = 2005}

@book{fr�hauf:SEN1,
	AUTHOR = "Fr�hauf, Norbert",
	TITLE = "Skript zur Vorlesung Synthese elektrischer Netzwerke I",
	PUBLISHER = "Lehrstuhl f�r Bildschirmtechnik, Universit�t Stuttgart",
	YEAR = 2005}

@book{zverev:Filter,
	AUTHOR = "Zverev, Anatol I.",
	TITLE = "Handbook of Filter Synthesis",
	PUBLISHER = "John Wiley and Sons, New York, London, Sydney",
	YEAR = 1967}

@book{jutzi:diss,
	AUTHOR = "Jutzi, Michael",
	TITLE = "Photodetektoren auf Silizium-Substraten f�r integrierte, optische Empf�nger",
	PUBLISHER = "Shaker Verlag, Aachen",
	YEAR = 2005}

@book{yang:SASV,
	AUTHOR = "Yang, Bin",
	TITLE = "Skript zur Vorlesung Statistische und adaptive Signalverarbeitung",
	PUBLISHER = "Lehrstuhl f�r Systemtheorie und Signalverarbeitung, Universit�t Stuttgart",
	YEAR = 2006}

@book{dimitrijev:UnderstandingSeminconductorDevices,
	AUTHOR = "Dimitrijev, Sima",
	TITLE = "Understanding Semiconductor Devices",
	PUBLISHER = "Oxford University Press Inc., New York",
	YEAR = 2000}

